% Encoding: UTF-8

@Article{pacal2021robust,
  author    = {Pacal, Ishak and Karaboga, Dervis},
  journal   = {Computers in Biology and Medicine},
  title     = {A Robust Real-Time Deep Learning Based Automatic Polyp Detection System},
  year      = {2021},
  issn      = {0010-4825},
  month     = {jul},
  pages     = {104519},
  volume    = {134},
  doi       = {10.1016/j.compbiomed.2021.104519},
  publisher = {Elsevier},
}

@Misc{cancer_keystatistics,
  howpublished = {https://www.cancer.org/cancer/colon-rectal-cancer/about/key-statistics.html},
  note         = {Accessed: 2021-08-10},
  title        = {Key Statistics for Colorectal Cancer},
}

@Article{pacal2020comprehensive,
  author    = {Pacal, Ishak and Karaboga, Dervis and Basturk, Alper and Akay, Bahriye and Nalbantoglu, Ufuk},
  journal   = {Computers in Biology and Medicine},
  title     = {A comprehensive review of deep learning in colon cancer},
  year      = {2020},
  month     = {nov},
  pages     = {104003},
  volume    = {126},
  doi       = {10.1016/j.compbiomed.2020.104003},
  publisher = {Elsevier},
}


@Article{Jha_2021,
  author    = {Jha, Debesh and Ali, Sharib and Tomar, Nikhil Kumar and Johansen, Havard D. and Johansen, Dag and Rittscher, Jens and Riegler, Michael A. and Halvorsen, Pal},
  journal   = {IEEE Access},
  title     = {Real-Time Polyp Detection, Localization and Segmentation in Colonoscopy Using Deep Learning},
  year      = {2021},
  issn      = {2169-3536},
  pages     = {40496–40510},
  volume    = {9},
  doi       = {10.1109/access.2021.3063716},
  publisher = {Institute of Electrical and Electronics Engineers (IEEE)},
  url       = {http://dx.doi.org/10.1109/ACCESS.2021.3063716},
}

@Misc{zaidi2021survey,
  author        = {Syed Sahil Abbas Zaidi and Mohammad Samar Ansari and Asra Aslam and Nadia Kanwal and Mamoona Asghar and Brian Lee},
  title         = {A Survey of Modern Deep Learning based Object Detection Models},
  year          = {2021},
  archiveprefix = {arXiv},
  eprint        = {2104.11892},
  primaryclass  = {cs.CV},
}

@InProceedings{girshick2014rich,
  author    = {Girshick, Ross and Donahue, Jeff and Darrell, Trevor and Malik, Jitendra},
  booktitle = {Proceedings of the IEEE conference on computer vision and pattern recognition},
  title     = {Rich feature hierarchies for accurate object detection and semantic segmentation},
  year      = {2014},
  month     = {jun},
  pages     = {580--587},
  publisher = {{IEEE}},
  doi       = {10.1109/cvpr.2014.81},
}

@Article{nogueira2021deep,
  author    = {Nogueira-Rodr{\'\i}guez, Alba and Dom{\'\i}nguez-Carbajales, Rub{\'e}n and L{\'o}pez-Fern{\'a}ndez, Hugo and Iglesias, {\'A}gueda and Cubiella, Joaqu{\'\i}n and Fdez-Riverola, Florentino and Reboiro-Jato, Miguel and Glez-Pe{\~n}a, Daniel},
  journal   = {Neurocomputing},
  title     = {Deep neural networks approaches for detecting and classifying colorectal polyps},
  year      = {2021},
  month     = {jan},
  pages     = {721--734},
  volume    = {423},
  doi       = {10.1016/j.neucom.2020.02.123},
  publisher = {Elsevier},
}

@InProceedings{yolo2016,
  author    = {Redmon, Joseph and Divvala, Santosh and Girshick, Ross and Farhadi, Ali},
  booktitle = {Proceedings of the IEEE Conference on Computer Vision and Pattern Recognition (CVPR)},
  title     = {You Only Look Once: Unified, Real-Time Object Detection},
  year      = {2016},
  month     = {June},
  publisher = {{IEEE}},
  doi       = {10.1109/cvpr.2016.91},
}

@Misc{szegedy2014going,
  author        = {Christian Szegedy and Wei Liu and Yangqing Jia and Pierre Sermanet and Scott Reed and Dragomir Anguelov and Dumitru Erhan and Vincent Vanhoucke and Andrew Rabinovich},
  month         = {jun},
  title         = {Going Deeper with Convolutions},
  year          = {2014},
  archiveprefix = {arXiv},
  booktitle     = {2015 {IEEE} Conference on Computer Vision and Pattern Recognition ({CVPR})},
  doi           = {10.1109/cvpr.2015.7298594},
  eprint        = {1409.4842},
  primaryclass  = {cs.CV},
  publisher     = {{IEEE}},
}

@Article{ssd,
  author    = {Liu, Wei and Anguelov, Dragomir and Erhan, Dumitru and Szegedy, Christian and Reed, Scott and Fu, Cheng-Yang and Berg, Alexander C.},
  journal   = {Lecture Notes in Computer Science},
  title     = {SSD: Single Shot MultiBox Detector},
  year      = {2016},
  issn      = {1611-3349},
  pages     = {21–37},
  booktitle = {Computer Vision {\textendash} {ECCV} 2016},
  doi       = {10.1007/978-3-319-46448-0_2},
  isbn      = {9783319464480},
  publisher = {Springer International Publishing},
  url       = {http://dx.doi.org/10.1007/978-3-319-46448-0_2},
}

@Misc{redmon2016yolo9000,
  author        = {Joseph Redmon and Ali Farhadi},
  month         = {jul},
  title         = {YOLO9000: Better, Faster, Stronger},
  year          = {2016},
  archiveprefix = {arXiv},
  booktitle     = {2017 {IEEE} Conference on Computer Vision and Pattern Recognition ({CVPR})},
  doi           = {10.1109/cvpr.2017.690},
  eprint        = {1612.08242},
  primaryclass  = {cs.CV},
  publisher     = {{IEEE}},
}

@InProceedings{dpm,
  author       = {Felzenszwalb, Pedro and McAllester, David and Ramanan, Deva},
  booktitle    = {2008 IEEE conference on computer vision and pattern recognition},
  title        = {A discriminatively trained, multiscale, deformable part model},
  year         = {2008},
  month        = {jun},
  organization = {Ieee},
  pages        = {1--8},
  publisher    = {{IEEE}},
  doi          = {10.1109/cvpr.2008.4587597},
}

@Misc{redmon2018yolov3,
  author        = {Joseph Redmon and Ali Farhadi},
  title         = {YOLOv3: An Incremental Improvement},
  year          = {2018},
  archiveprefix = {arXiv},
  eprint        = {1804.02767},
  primaryclass  = {cs.CV},
}

@Misc{bochkovskiy2020yolov4,
  author        = {Alexey Bochkovskiy and Chien-Yao Wang and Hong-Yuan Mark Liao},
  title         = {YOLOv4: Optimal Speed and Accuracy of Object Detection},
  year          = {2020},
  archiveprefix = {arXiv},
  eprint        = {2004.10934},
  primaryclass  = {cs.CV},
}

@Comment{jabref-meta: databaseType:bibtex;}
